%% use this page ...  https://www.doi2bib.org/

@Article{Murphy16,
	author = {Murphy,Matthew C.  and Jones,David T.  and Jack, Clifford R. and Glaser, Kevin J. and Senjem, Matthew L. and Manduca,  Armando  and Felmlee,  Joel P.  and Carter, Rickey E.  and Ehman,  Richard L. and Huston,  John},
	title = {Regional brain stiffness changes across the Alzheimer's disease spectrum},
	journal = {NeuroImage: Clinical},
	year = 2016,
	volume = 10,
	number = {},
	pages = {283-290}
}
@Article{50Shades,
	doi = {10.1007/s11831-019-09352-w},
	url = {https://doi.org/10.1007/s11831-019-09352-w},
	year = 2019,
	month = jul,
	publisher = {Springer Science and Business Media {LLC}},
	author = {Silvia Budday and Timothy C. Ovaert and Gerhard A. Holzapfel and Paul Steinmann and Ellen Kuhl},
	title = {Fifty Shades of Brain: A Review on the Mechanical Testing and Modeling of Brain Tissue},
	journal = {Archives of Computational Methods in Engineering}
}